@article{lamport,
author = {Lamport, Leslie},
title = {Time, Clocks, and the Ordering of Events in a Distributed System},
year = {1978},
issue_date = {July 1978},
publisher = {Association for Computing Machinery},
address = {New York, NY, USA},
volume = {21},
number = {7},
issn = {0001-0782},
url = {https://doi.org/10.1145/359545.359563},
doi = {10.1145/359545.359563},
abstract = {The concept of one event happening before another in a distributed system is examined, and is shown to define a partial ordering of the events. A distributed algorithm is given for synchronizing a system of logical clocks which can be used to totally order the events. The use of the total ordering is illustrated with a method for solving synchronization problems. The algorithm is then specialized for synchronizing physical clocks, and a bound is derived on how far out of synchrony the clocks can become.},
journal = {Commun. ACM},
month = jul,
pages = {558â€“565},
numpages = {8},
keywords = {computer networks, multiprocess systems, distributed systems, clock synchronization}
}
@article{sestoft1997deriving,
  title={Deriving a lazy abstract machine},
  author={Sestoft, Peter},
  journal={Journal of Functional Programming},
  volume={7},
  number={3},
  pages={231--264},
  year={1997},
  publisher={Citeseer}
}
@book{cormen2009introduction,
  title={Introduction to algorithms},
  author={Cormen, Thomas H and Leiserson, Charles E and Rivest, Ronald L and Stein, Clifford},
  year={2009},
  publisher={MIT press}
}
@book{peyton1987implementation,
  title={The implementation of functional programming languages (prentice-hall international series in computer science)},
  author={Peyton Jones, Simon L},
  year={1987},
  publisher={Prentice-Hall, Inc.},
  chapter = 12
}
@inproceedings{launchbury1993natural,
  title={A natural semantics for lazy evaluation},
  author={Launchbury, John},
  booktitle={Proceedings of the 20th ACM SIGPLAN-SIGACT symposium on Principles of programming languages},
  pages={144--154},
  year={1993}
}
@article{church1936some,
  title={Some properties of conversion},
  author={Church, Alonzo and Rosser, J Barkley},
  journal={Transactions of the American Mathematical Society},
  volume={39},
  number={3},
  pages={472--482},
  year={1936},
  publisher={JSTOR}
}
@inproceedings{kfoury1990ml,
  title={ML typability is DEXPTIME-complete},
  author={Kfoury, Assaf J and Tiuryn, Jerzy and Urzyczyn, Pawel},
  booktitle={Colloquium on Trees in Algebra and Programming},
  pages={206--220},
  year={1990},
  organization={Springer}
}
@article{weirich2013system,
  title={System FC with explicit kind equality},
  author={Weirich, Stephanie and Hsu, Justin and Eisenberg, Richard A},
  journal={ACM SIGPLAN Notices},
  volume={48},
  number={9},
  pages={275--286},
  year={2013},
  publisher={ACM New York, NY, USA}
}
@article{barendregt1991introduction,
  title={Introduction to generalized type systems},
  author={Barendregt, Henk P},
  year={1991}
}
@article{wells1999typability,
  title={Typability and type checking in System F are equivalent and undecidable},
  author={Wells, Joe B},
  journal={Annals of Pure and Applied Logic},
  volume={98},
  number={1-3},
  pages={111--156},
  year={1999},
  publisher={Elsevier}
}
@article{curien1986categorical,
  title={Categorical combinators},
  author={Curien, P-L},
  journal={Information and Control},
  volume={69},
  number={1-3},
  pages={188--254},
  year={1986},
  publisher={Elsevier}
}
@inproceedings{kiselyov2018lambda,
title={$\lambda$ to SKI, Semantically},
author={Kiselyov, Oleg},
booktitle={International Symposium on Functional and Logic Programming},
pages={33--50},
year={2018},
organization={Springer}
}
@article{levy1988sharing,
title={Sharing in the Evaluation of lambda Expressions},
author={L{\'e}vy, Jean-Jacques and INRI, AR},
journal={Programming of Future Generation Computers II, North Holland},
pages={183--189},
year={1988}
}
@incollection{sestoft2002demonstrating,
title={Demonstrating lambda calculus reduction},
author={Sestoft, Peter},
booktitle={The essence of computation},
pages={420--435},
year={2002},
publisher={Springer}
}
@inproceedings{de1972lambda,
  title={Lambda calculus notation with nameless dummies, a tool for automatic formula manipulation, with application to the Church-Rosser theorem},
  author={De Bruijn, Nicolaas Govert},
  booktitle={Indagationes Mathematicae (Proceedings)},
  volume={75},
  number={5},
  pages={381--392},
  year={1972},
  organization={North-Holland}
}
@inproceedings{mairson1989deciding,
  title={Deciding ML typability is complete for deterministic exponential time},
  author={Mairson, Harry G},
  booktitle={Proceedings of the 17th ACM SIGPLAN-SIGACT symposium on Principles of programming languages},
  pages={382--401},
  year={1989}
}
@misc{heeren2002generalizing,
  title={Generalizing Hindley-Milner type inference algorithms},
  author={Heeren, BJ and Hage, Jurriaan and Swierstra, S Doaitse},
  year={2002},
  publisher={Utrecht University: Information and Computing Sciences}
}
@article{damas1984type,
  title={Type assignment in programming languages},
  author={Damas, Luis},
  year={1984},
  publisher={The University of Edinburgh}
}
@inproceedings{damas1982principal,
  title={Principal type-schemes for functional programs},
  author={Damas, Luis and Milner, Robin},
  booktitle={Proceedings of the 9th ACM SIGPLAN-SIGACT symposium on Principles of programming languages},
  pages={207--212},
  year={1982}
}
@article{hindley1969principal,
  title={The principal type-scheme of an object in combinatory logic},
  author={Hindley, Roger},
  journal={Transactions of the american mathematical society},
  volume={146},
  pages={29--60},
  year={1969},
  publisher={JSTOR}
}
@article{milner1978theory,
  title={A theory of type polymorphism in programming},
  author={Milner, Robin},
  journal={Journal of computer and system sciences},
  volume={17},
  number={3},
  pages={348--375},
  year={1978},
  publisher={Elsevier}
}
@inproceedings{wadler1989theorems,
  title={Theorems for free!},
  author={Wadler, Philip},
  booktitle={Proceedings of the fourth international conference on Functional programming languages and computer architecture},
  pages={347--359},
  year={1989}
}
@article{howard1980formulae,
  title={The formulae-as-types notion of construction},
  author={Howard, William A},
  journal={To HB Curry: essays on combinatory logic, lambda calculus and formalism},
  volume={44},
  pages={479--490},
  year={1980}
}
@article{scott1962system,
  title={A system of functional abstraction, 1968. Lectures delivered at University of California, Berkeley},
  author={Scott, Dana},
  journal={Cal},
  volume={63},
  pages={1095},
  year={1962}
}
@inproceedings{johnsson1985lambda,
  title={Lambda lifting: Transforming programs to recursive equations},
  author={Johnsson, Thomas},
  booktitle={Conference on Functional programming languages and computer architecture},
  pages={190--203},
  year={1985},
  organization={Springer}
}
@book{church1985calculi,
  title={The calculi of lambda-conversion},
  author={Church, Alonzo},
  number={6},
  year={1985},
  publisher={Princeton University Press}
}
@article{copeland1997church,
  title={The church-turing thesis},
  author={Copeland, B Jack},
  year={1997}
}
@article{church1936unsolvable,
  title={An unsolvable problem of elementary number theory},
  author={Church, Alonzo},
  journal={American journal of mathematics},
  volume={58},
  number={2},
  pages={345--363},
  year={1936},
  publisher={JSTOR}
}
